@book{ben2001lectures,
  title={Lectures on modern convex optimization: analysis, algorithms, and engineering applications},
  author={Ben-Tal, Aharon and Nemirovski, Arkadi},
  year={2001},
  publisher={SIAM},
  url="https://epubs.siam.org/doi/pdf/10.1137/1.9780898718829.fm"
}

@book{boyd2004convex,
  title={Convex optimization},
  author={Boyd, Stephen and Boyd, Stephen P and Vandenberghe, Lieven},
  year={2004},
  publisher={Cambridge university press},
  url="https://stanford.edu/~boyd/cvxbook/"
}
    
@misc{youtube2021,
  author        = {{Visually Explained}},
  title         = {\textit{The Karush–Kuhn–Tucker (KKT) Conditions and the Interior Point Method for Convex Optimization}},
  month         = "Aug. 5,", 
  year          = "2021 [Online]",
  url           = "https://www.youtube.com/watch?v=uh1Dk68cfWs&lc=UgxsvaU51ze2duBS3YR4AaABAg.9VSQAWQCXQX9VSXAj1PqJ6"
}